@misc{androidDoc,
  key = {androiddoc},
  title = {Documentation Android},
  note = {\url{https://developer.android.com/}}
}

@book{beginningAndroidGames,
    author    = "Mario Zechner and Robert Green",
    title     = "Beginning Android Games",
    year      = "2012",
    publisher = "Apress"
}

@article{ssaurelGame,
   author = "S. Saurel ",
   title = "Create a Running Man Game Animation on Android",
   year = "2016",
   url = "http://www.ssaurel.com/blog/create-a-running-man-game-animation-on-android/"
}

